<record><leader>00000cas a2200000 a 4500</leader><controlfield tag="001">31326570</controlfield><controlfield tag="008">941021d19631975iluwr ne      0   a0eng c</controlfield><datafield ind1=" " ind2=" " tag="010"><subfield code="a">sn 94060710 </subfield></datafield><datafield ind1=" " ind2=" " tag="040"><subfield code="a">NVF</subfield><subfield code="b">eng</subfield><subfield code="c">NVF</subfield><subfield code="d">CVF</subfield><subfield code="d">NVF</subfield><subfield code="d">OCLCQ</subfield><subfield code="d">NVF</subfield><subfield code="d">OCLCF</subfield><subfield code="d">OCLCO</subfield></datafield><datafield ind1="1" ind2=" " tag="029"><subfield code="a">AU@</subfield><subfield code="b">000011309935</subfield></datafield><datafield ind1=" " ind2=" " tag="042"><subfield code="a">pcc</subfield></datafield><datafield ind1=" " ind2=" " tag="043"><subfield code="a">n-us-il</subfield></datafield><datafield ind1="0" ind2=" " tag="130"><subfield code="a">Citizen (La Grange, Ill. : Western Springs ed.)</subfield></datafield><datafield ind1="1" ind2="4" tag="245"><subfield code="a">The citizen.</subfield></datafield><datafield ind1=" " ind2=" " tag="250"><subfield code="a">[Western Springs ed.].</subfield></datafield><datafield ind1=" " ind2=" " tag="260"><subfield code="a">La Grange, Ill. :</subfield><subfield code="b">Citizen Pub. Corp.,</subfield><subfield code="c">1963-1975.</subfield></datafield><datafield ind1=" " ind2=" " tag="300"><subfield code="a">v.</subfield></datafield><datafield ind1=" " ind2=" " tag="310"><subfield code="a">Weekly,</subfield><subfield code="b">Aug. 29, 1973-&lt;Jan. 8, 1975&gt;</subfield></datafield><datafield ind1=" " ind2=" " tag="321"><subfield code="a">Weekly,</subfield><subfield code="b">July 4, 1963-Apr. 30, 1970</subfield></datafield><datafield ind1=" " ind2=" " tag="321"><subfield code="a">Semiweekly,</subfield><subfield code="b">May 2, 1970-Aug. 24, 1973</subfield></datafield><datafield ind1="0" ind2=" " tag="362"><subfield code="a">48th year, no. 27 (July 4, 1963)-</subfield></datafield><datafield ind1="1" ind2=" " tag="362"><subfield code="a">Ceased in 1975.</subfield></datafield><datafield ind1=" " ind2=" " tag="588"><subfield code="a">Latest issue consulted: Jan. 8, 1975.</subfield></datafield><datafield ind1=" " ind2="0" tag="651"><subfield code="a">Western Springs (Ill.)</subfield><subfield code="v">Newspapers.</subfield></datafield><datafield ind1=" " ind2="7" tag="655"><subfield code="a">Newspapers.</subfield><subfield code="2">fast</subfield><subfield code="0">(OCoLC)fst01423814</subfield></datafield><datafield ind1=" " ind2="7" tag="651"><subfield code="a">Illinois</subfield><subfield code="z">Western Springs.</subfield><subfield code="2">fast</subfield><subfield code="0">(OCoLC)fst01204790</subfield></datafield><datafield ind1=" " ind2=" " tag="752"><subfield code="a">United States</subfield><subfield code="b">Illinois</subfield><subfield code="c">Cook</subfield><subfield code="d">La Grange.</subfield></datafield><datafield ind1="0" ind2="0" tag="780"><subfield code="t">Western Springs citizen (Western Springs, Ill.)</subfield><subfield code="w">(DLC)sn 94060709</subfield><subfield code="w">(OCoLC)31326540</subfield></datafield><datafield ind1="0" ind2="0" tag="785"><subfield code="t">Western Springs citizen (Countryside, Ill.)</subfield><subfield code="w">(DLC)sn 94060711</subfield><subfield code="w">(OCoLC)31326601</subfield></datafield></record>